@article{battyDigitalTwins2018,
  title = {Digital Twins},
  author = {Batty, Michael},
  year = {2018},
  month = sep,
  journal = {Environment and Planning B: Urban Analytics and City Science},
  volume = {45},
  number = {5},
  pages = {817--820},
  issn = {2399-8083, 2399-8091},
  doi = {10.1177/2399808318796416},
  urldate = {2024-05-20},
  langid = {english},
  file = {C:\Users\Emily\Zotero\storage\YLIBHECZ\Batty - 2018 - Digital twins.pdf}
}

@misc{deutscherwetterdienstWinddatenFurWindenergienutzer,
  title = {Winddaten F{\"u}r {{Windenergienutzer}}},
  author = {{Deutscher Wetterdienst}}
}

@misc{enerconglobalgmbhENERCONWindenergieanlagenPortfolio,
  title = {{{ENERCON Windenergieanlagen Portfolio}}},
  author = {{ENERCON Global GmbH}},
  howpublished = {https://www.enercon.de/de/windenergieanlagen/produkt-portfolio}
}

@misc{esriincGeoprocessingViewshedAnalysis,
  title = {Geoprocessing - Viewshed Analysis},
  author = {{ESRI Inc}},
  howpublished = {https://developers.arcgis.com/javascript/latest/sample-code/geoprocessing-viewshed/}
}

@misc{esriincI3sspec,
  title = {I3s-Spec},
  author = {{ESRI Inc}}
}

@misc{esriincShadowCast,
  title = {{{ShadowCast}}},
  author = {{ESRI Inc}},
  howpublished = {https://developers.arcgis.com/javascript/latest/api-reference/esri-widgets-ShadowCast.html}
}

@book{europeancommission.directorategeneralforclimateaction.GoingClimateneutral20502019,
  title = {Going Climate-Neutral by 2050: A Strategic Long Term Vision for a Prosperous, Modern, Competitive and Climate Neutral {{EU}} Economy.},
  shorttitle = {Going Climate-Neutral by 2050},
  author = {{European Commission. Directorate General for Climate Action.}},
  year = {2019},
  publisher = {Publications Office},
  address = {LU},
  urldate = {2024-05-20},
  langid = {english}
}

@misc{fachagenturwindenergieanlandFachagenturWindenergieLand,
  title = {Fachagentur {{Windenergie An Land Sachsen}}},
  author = {{Fachagentur Windenergie an land}},
  howpublished = {https://www.fachagentur-windenergie.de/veroeffentlichungen/laenderinformationen/laenderinformationen-zur-windenergie/sachsen/}
}

@techreport{fachagenturwindenergieanlandUmfrageZurAkzeptanz,
  title = {Umfrage Zur {{Akzeptanz}} Der {{Windenergie}} an {{Land Herbst}} 2023},
  author = {{Fachagentur Windenergie an land}}
}

@misc{freistaatsachsenOpenDataPortal,
  title = {Open {{Data Portal Sachsen}}},
  author = {{Freistaat Sachsen}},
  howpublished = {https://www.opendata.sachsen.de/}
}

@article{howlandWindFarmPower2019,
  title = {Wind Farm Power Optimization through Wake Steering},
  author = {Howland, Michael F. and Lele, Sanjiva K. and Dabiri, John O.},
  year = {2019},
  month = jul,
  journal = {Proceedings of the National Academy of Sciences},
  volume = {116},
  number = {29},
  pages = {14495--14500},
  issn = {0027-8424, 1091-6490},
  doi = {10.1073/pnas.1903680116},
  urldate = {2024-05-12},
  abstract = {Global power production increasingly relies on wind farms to supply low-carbon energy. The recent Intergovernmental Panel on Climate Change (IPCC) Special Report predicted that renewable energy production must leap from                                                   20                   \%                                               of the global energy mix in 2018 to                                                   67                   \%                                               by 2050 to keep global temperatures from rising 1.5{$^\circ$}C above preindustrial levels. This increase requires reliable, low-cost energy production. However, wind turbines are often placed in close proximity within wind farms due to land and transmission line constraints, which results in wind farm efficiency degradation of up to                                                   40                   \%                                               for wind directions aligned with columns of turbines. To increase wind farm power production, we developed a wake steering control scheme. This approach maximizes the power of a wind farm through yaw misalignment that deflects wakes away from downstream turbines. Optimization was performed with site-specific analytic gradient ascent relying on historical operational data. The protocol was tested in an operational wind farm in Alberta, Canada, resulting in statistically significant (                                                   P                   {$<$}                   0.05                                               ) power increases of                                                   7                                               --                                                   13                   \%                                               for wind speeds near the site average and wind directions which occur during less than                                                   10                   \%                                               of nocturnal operation and                                                   28                                               --                                                   47                   \%                                               for low wind speeds in the same wind directions. Wake steering also decreased the variability in the power production of the wind farm by up to                                                   72                   \%                                               . Although the resulting gains in annual energy production were insignificant at this farm, these statistically significant wake steering results demonstrate the potential to increase the efficiency and predictability of power production through the reduction of wake losses.},
  langid = {english},
  file = {C:\Users\Emily\Zotero\storage\EHF5KLQK\Howland et al. - 2019 - Wind farm power optimization through wake steering.pdf}
}

@article{kwasniewskiWindenergieVerhindertAntiWindkraftBewegung2021,
  title = {{Windenergie: So verhindert die Anti-Windkraft-Bewegung neue Anlagen}},
  shorttitle = {{Windenergie}},
  author = {Kwasniewski, Nicolai},
  year = {2021},
  month = feb,
  journal = {Der Spiegel},
  issn = {2195-1349},
  urldate = {2023-05-24},
  abstract = {Der Ausbau der Windenergie stockt. Einer der Hauptgr{\"u}nde: Klagen -- nicht nur von Naturfreunden oder Anwohnern. Es ist ein verdecktes Netzwerk von Gegnern der Energiewende, unterst{\"u}tzt von der Industrie.},
  chapter = {Wirtschaft},
  langid = {ngerman},
  keywords = {Deutschland,Erneuerbare Energien,Greenpeace,Klimakrise,Okostrom,Windenergie,Wirtschaft},
  file = {C:\Users\Emily\Zotero\storage\98LECR85\windenergie-so-verhindert-die-anti-windkraft-bewegung-neue-anlagen-a-46d88419-3b1d-427d-b6c0-cf.html}
}

@book{lazarResearchMethodsHuman2017,
  title = {Research Methods in Human Computer Interaction},
  author = {Lazar, Jonathan},
  year = {2017},
  edition = {2nd edition},
  publisher = {Elsevier},
  address = {Cambridge, MA},
  isbn = {978-0-12-805390-4}
}

@misc{ministeriumfurheimatkommunalesbauunddigitalisierungdeslandesnordrhein-westfalenOpenNRW,
  title = {Open.{{NRW}}},
  author = {{Ministerium f{\"u}r Heimat, Kommunales, Bau und Digitalisierung des Landes Nordrhein-Westfalen}},
  howpublished = {https://open.nrw/}
}

@misc{niedersachsischesministeriumfurumweltenergieundklimaschutzPlanungUndGenehmigung2021,
  title = {Planung Und {{Genehmigung}} von {{Windenergieanlagen}} an {{Land}} in {{Niedersachsen}} ({{Windenergieerlass}})},
  author = {{Nieders{\"a}chsisches Ministerium f{\"u}r Umwelt, Energie und Klimaschutz}},
  year = {2021}
}

@inproceedings{nielsenMathematicalModelFinding1993,
  title = {A Mathematical Model of the Finding of Usability Problems},
  booktitle = {Proceedings of the {{SIGCHI}} Conference on {{Human}} Factors in Computing Systems  - {{CHI}} '93},
  author = {Nielsen, Jakob and Landauer, Thomas K.},
  year = {1993},
  pages = {206--213},
  publisher = {ACM Press},
  address = {Amsterdam, The Netherlands},
  doi = {10.1145/169059.169166},
  urldate = {2024-06-17},
  isbn = {978-0-89791-575-5},
  langid = {english},
  file = {C:\Users\Emily\Zotero\storage\5DKKKTBZ\Nielsen und Landauer - 1993 - A mathematical model of the finding of usability p.pdf}
}

@book{nielsenUsabilityEngineering2010,
  title = {Usability Engineering},
  author = {Nielsen, Jakob},
  year = {2010},
  edition = {3.Nachdr.},
  publisher = {Kaufmann},
  address = {Amsterdam Heidelberg},
  isbn = {978-0-12-518406-9},
  langid = {english}
}

@misc{nrwErlassFurPlanung,
  title = {Erlass F{\"u}r Die {{Planung}} Und {{Genehmigung}} von {{Windenergieanlagen}} Und {{Hinweise}} F{\"u}r Die {{Zielsetzung}} Und {{Anwendung}} ({{Windenergie-Erlass}})},
  author = {{NRW}}
}

@article{pryorClimateChangeImpacts2020,
  title = {Climate Change Impacts on Wind Power Generation},
  author = {Pryor, Sara C. and Barthelmie, Rebecca J. and Bukovsky, Melissa S. and Leung, L. Ruby and Sakaguchi, Koichi},
  year = {2020},
  month = oct,
  journal = {Nature Reviews Earth \& Environment},
  volume = {1},
  number = {12},
  pages = {627--643},
  issn = {2662-138X},
  doi = {10.1038/s43017-020-0101-7},
  urldate = {2024-05-20},
  langid = {english}
}

@article{pylianidisIntroducingDigitalTwins2021,
  title = {Introducing Digital Twins to Agriculture},
  author = {Pylianidis, Christos and Osinga, Sjoukje and Athanasiadis, Ioannis N.},
  year = {2021},
  month = may,
  journal = {Computers and Electronics in Agriculture},
  volume = {184},
  pages = {105942},
  issn = {01681699},
  doi = {10.1016/j.compag.2020.105942},
  urldate = {2024-05-20},
  langid = {english}
}

@book{rubinHandbookUsabilityTesting2008,
  title = {Handbook of Usability Testing: How to Plan, Design, and Conduct Effective Tests},
  shorttitle = {Handbook of Usability Testing},
  author = {Rubin, Jeffrey and Chisnell, Dana},
  year = {2008},
  edition = {2nd ed},
  publisher = {Wiley Pub},
  address = {Indianapolis, IN},
  isbn = {978-0-470-18548-3},
  lccn = {QA76.9.U83 R82 2008},
  keywords = {Testing,User interfaces (Computer systems)},
  annotation = {OCLC: ocn212204392}
}

@article{virziRefiningTestPhase1992,
  title = {Refining the {{Test Phase}} of {{Usability Evaluation}}: {{How Many Subjects Is Enough}}?},
  shorttitle = {Refining the {{Test Phase}} of {{Usability Evaluation}}},
  author = {Virzi, Robert A.},
  year = {1992},
  month = aug,
  journal = {Human Factors: The Journal of the Human Factors and Ergonomics Society},
  volume = {34},
  number = {4},
  pages = {457--468},
  issn = {0018-7208, 1547-8181},
  doi = {10.1177/001872089203400407},
  urldate = {2024-06-17},
  abstract = {Attention has been given to making user interface design and testing less costly so that it might be more easily incorporated into the product development life cycle. Three experiments are reported in this paper that relate the proportion of usability problems identified in an evaluation to the number of subjects participating in that study. The basic findings are that (a) 80\% of the usability problems are detected with four or five subjects, (b) additional subjects are less and less likely to reveal new information, and (c) the most severe usability problems are likely to have been detected in the first few subjects. Ramifications for the practice of human factors are discussed as they relate to the type of usability test cycle employed and the goals of the usability test.},
  copyright = {http://journals.sagepub.com/page/policies/text-and-data-mining-license},
  langid = {english}
}

@misc{WindenergieLand,
  title = {Windenergie an {{Land}}},
  howpublished = {https://www.umweltbundesamt.de/themen/klima-energie/erneuerbare-energien/windenergie-an-land\#flaeche}
}
